@book{Goodfellow-et-al-2016,
    title={Deep Learning},
    author={Ian Goodfellow and Yoshua Bengio and Aaron Courville},
    publisher={MIT Press},
    note={\url{http://www.deeplearningbook.org}},
    year={2016}
}

@article{Bulling,
	author = {Bulling, Andreas and Blanke, Ulf and Schiele, Bernt},
	title = {A Tutorial on Human Activity Recognition Using Body-worn Inertial Sensors},
	journal = {ACM Comput. Surv.},
	issue_date = {January 2014},
	volume = {46},
	number = {3},
	month = {Jan},
	year = {2014},
	issn = {0360-0300},
	pages = {33:1--33:33},
	articleno = {33},
	numpages = {33},
	url = {http://doi.acm.org/10.1145/2499621},
	doi = {10.1145/2499621},
	acmid = {2499621},
	publisher = {ACM},
	address = {New York, NY, USA},
	keywords = {Activity Recognition Chain (ARC), Activity recognition, gesture recognition, on-body inertial sensors}
} 

@article{ThreeGiants,
	author = {Yann LeCun and Yoshua Bengio and Geoffrey Hinton},
	title = {Deep learning},
	journal = {Nature},
	issue_date = {May 28 2015},
	volume = {521},
	number = {3},
	month = {May},
	year = {2015},
	issn = {7553},
	pages = {436-444},
	url = {http://www.cs.toronto.edu/~hinton/absps/NatureDeepReview.pdf},
	doi = {10.038/nature14539},
	publisher = {Nature Publishing Group}
}

@book{NNDL,
	author = {Michael A. Nielsen},
	title = {Neural Networks and Deep Learning},
	year = {2015},
	url = {http://www.neuralnetworksanddeepelearning.com},
	publisher = {Determination Press}
}

@article{Neverova,
	author    = {Natalia Neverova and Christian Wolf and Graham W. Taylor and Florian Nebout},
	title     = {ModDrop: adaptive multi-modal gesture recognition},
	journal   = {CoRR},
	volume    = {abs/1501.00102},
	year      = {2015},
	url       = {http://arxiv.org/abs/1501.00102},
	timestamp = {Fri, 17 Apr 2015 15:36:30 +0200},
	biburl    = {http://dblp.uni-trier.de/rec/bib/journals/corr/NeverovaWTN15},
	bibsource = {dblp computer science bibliography, http://dblp.org}
}

@Inbook{Amft2007,
	author="Amft, Oliver
	and Kusserow, Martin
	and Tr{\"o}ster, Gerhard",
	editor="Leonhardt, Steffen
	and Falck, Thomas
	and M{\"a}h{\"o}nen, Petri",
	title="Probabilistic parsing of dietary activity events",
	bookTitle="4th International Workshop on Wearable and Implantable Body Sensor Networks (BSN 2007): March 26 -- 28, 2007 RWTH Aachen University, Germany",
	year="2007",
	publisher="Springer Berlin Heidelberg",
	address="Berlin, Heidelberg",
	pages="242--247",
	isbn="978-3-540-70994-7",
	doi="10.1007/978-3-540-70994-7_41",
	url="http://dx.doi.org/10.1007/978-3-540-70994-7_41"
}

@inproceedings{Pirkl2008,
	author = {Pirkl, Gerald and Stockinger, Karl and Kunze, Kai and Lukowicz, Paul},
	title = {Adapting Magnetic Resonant Coupling Based Relative Positioning Technology for Wearable Activitiy Recogniton},
	booktitle = {Proceedings of the 2008 12th IEEE International Symposium on Wearable Computers},
	series = {ISWC '08},
	year = {2008},
	isbn = {978-1-4244-2637-9},
	pages = {47--54},
	numpages = {8},
	url = {http://dx.doi.org/10.1109/ISWC.2008.4911584},
	doi = {10.1109/ISWC.2008.4911584},
	acmid = {1588242},
	publisher = {IEEE Computer Society},
	address = {Washington, DC, USA},
} 

@article{Nasr-EsfahaniKS16,
	author    = {Ebrahim Nasr{-}Esfahani and
	Nader Karimi and
	S. M. Reza Soroushmehr and
	M. Hossein Jafari and
	M. Amin Khorsandi and
	Shadrokh Samavi and
	Kayvan Najarian},
	title     = {Hand Gesture Recognition for Contactless Device Control in Operating
	Rooms},
	journal   = {CoRR},
	volume    = {abs/1611.04138},
	year      = {2016},
	url       = {http://arxiv.org/abs/1611.04138},
	timestamp = {Thu, 01 Dec 2016 19:32:08 +0100},
	biburl    = {http://dblp.uni-trier.de/rec/bib/journals/corr/Nasr-EsfahaniKS16},
	bibsource = {dblp computer science bibliography, http://dblp.org}
}

@ARTICLE{Starner98,
	author = {Thad Starner and Joshua Weaver and Alex Pentland},
	title = {Real-Time American Sign Language Recognition Using Desk and Wearable Computer Based Video},
	journal = {IEEE Transactions on Pattern Analysis and Machine Intelligence},
	year = {1998},
	volume = {20},
	pages = {1371--1375}
}

@inproceedings{Lester2006,
	author = {Lester, Jonathan and Choudhury, Tanzeem and Borriello, Gaetano},
	title = {A Practical Approach to Recognizing Physical Activities},
	booktitle = {Proceedings of the 4th International Conference on Pervasive Computing},
	series = {PERVASIVE'06},
	year = {2006},
	isbn = {3-540-33894-2, 978-3-540-33894-9},
	location = {Dublin, Ireland},
	pages = {1--16},
	numpages = {16},
	url = {http://dx.doi.org/10.1007/11748625_1},
	doi = {10.1007/11748625_1},
	acmid = {2094946},
	publisher = {Springer-Verlag},
	address = {Berlin, Heidelberg},
} 

@INPROCEEDINGS{Costante2014, 
	author={G. Costante and L. Porzi and O. Lanz and P. Valigi and E. Ricci}, 
	booktitle={2014 22nd European Signal Processing Conference (EUSIPCO)}, 
	title={Personalizing a smartwatch-based gesture interface with transfer learning}, 
	year={2014}, 
	pages={2530-2534}, 
	keywords={Haar transforms;gesture recognition;learning (artificial intelligence);smart phones;user interfaces;Haar coefficients;arm gestures;gesture recognition system;hands-free interaction;novel transfer metric learning algorithm;smartphone-based solutions;smartwatch-based gesture interface;touch-based interaction paradigm;Abstracts;Computers;Gesture recognition;Haar features;smartwatch;transfer learning;visual impairments}, 
	ISSN={2219-5491}, 
	month={Sept},}

@article{RahejaDGC14,
	author    = {Jagdish Lal Raheja and
	Dhiraj and
	D. Gopinath and
	Ankit Chaudhary},
	title     = {{GUI} system for Elders/Patients in Intensive Care},
	journal   = {CoRR},
	volume    = {abs/1409.2153},
	year      = {2014},
	url       = {http://arxiv.org/abs/1409.2153},
	timestamp = {Wed, 01 Oct 2014 15:00:04 +0200},
	biburl    = {http://dblp.uni-trier.de/rec/bib/journals/corr/RahejaDGC14},
	bibsource = {dblp computer science bibliography, http://dblp.org}
}

@article{ShinS16,
	author    = {Sungho Shin and
	Wonyong Sung},
	title     = {Dynamic Hand Gesture Recognition for Wearable Devices with Low Complexity
	Recurrent Neural Networks},
	journal   = {CoRR},
	volume    = {abs/1608.04080},
	year      = {2016},
	url       = {http://arxiv.org/abs/1608.04080},
	timestamp = {Fri, 02 Sep 2016 17:46:24 +0200},
	biburl    = {http://dblp.uni-trier.de/rec/bib/journals/corr/ShinS16},
	bibsource = {dblp computer science bibliography, http://dblp.org}
}

@article{Alsheikh2015,
	author    = {Mohammad Abu Alsheikh and
	Ahmed Selim and
	Dusit Niyato and
	Linda Doyle and
	Shaowei Lin and
	Hwee Pink Tan},
	title     = {Deep Activity Recognition Models with Triaxial Accelerometers},
	journal   = {CoRR},
	volume    = {abs/1511.04664},
	year      = {2015},
	url       = {http://arxiv.org/abs/1511.04664},
	timestamp = {Tue, 01 Dec 2015 19:22:34 +0100},
	biburl    = {http://dblp.uni-trier.de/rec/bib/journals/corr/AlsheikhSNDLT15},
	bibsource = {dblp computer science bibliography, http://dblp.org}
}

@article{Fermuller2016,
	author    = {Cornelia Ferm{\"{u}}ller and
	Fang Wang and
	Yezhou Yang and
	Konstantinos Zampogiannis and
	Yi Zhang and
	Francisco Barranco and
	Michael Pfeiffer},
	title     = {Prediction of Manipulation Actions},
	journal   = {CoRR},
	volume    = {abs/1610.00759},
	year      = {2016},
	url       = {http://arxiv.org/abs/1610.00759},
	timestamp = {Wed, 02 Nov 2016 09:51:26 +0100},
	biburl    = {http://dblp.uni-trier.de/rec/bib/journals/corr/FermullerWYZZBP16},
	bibsource = {dblp computer science bibliography, http://dblp.org}
}

@inproceedings{Hammerla,
	author = {Hammerla, N. and Halloran, S. and Ploetz, T.},
	editor = {Subbarao Kambhampati},
	title = {Deep, Convolutional, and Recurrent Models for 
	Human Activity Interaction using Wearables},
	booktitle = {Proceedings of the Twenty-Fifth International 
	Joint Conference on Artificial Intelligence},
	year = {2016},
}

@phdthesis{Galluzzi,
	author        = {Valerie Galluzzi},
	title         = {Automatic Recognition of Healthcare Worked Hand Hygiene},
	school        = "Dept. Comp. Sci., Univ. of Iowa",
	address       = "Iowa City, IA",
	year          = "2015"
}


@electronic{WHO,
	author = {World Health Organization},
	title = {WHO 5 Moments poster for Hand Hygiene},
	year = {2017},
	url = {http://www.who.int/gpsc/5may/D_AllMoments_A4_print_EN.pdf}
}

@electronic{karpathy,
	author        = "A. Karpathy",
	title         = "CS231n Convolutional Neural Networks for Visual Recognition",
	month         = "Apr. 7",
	year          = "2017",
	url           = "http://cs231n.github.io/"
}

@electronic{who2,
	author = {World Health Organization},
	title = {WHO Guidelines on Hand Hygiene in Health Care: a Summary},
	year = {2009},
	url = {http://apps.who.int/iris/bitstream/10665/70126/1/WHO_IER_PSP_2009.07_eng.pdf},
}

@electronic{pca,
	author        = "Andrew Ng",
	title         = "CS229 Lecture Notes - Part XI - Principal components analysis",
	year          = "2016",
	url           = "http://cs229.stanford.edu/notes/cs229-notes10.pdf"
}